@article{hmm,
  author = {Rabiner, Lawrence R.},
  title = {A tutorial on hidden Markov models and selected applications in speech recognition},
  journal = {Proceedings of the IEEE},
  volume = {77},
  number = {2},
  pages = {257--286},
  year = {1989},
  doi = {10.1109/5.18626},
  url = {https://doi.org/10.1109/5.18626}
}

@phdthesis{dbn,
  author = {Murphy, Kevin P.},
  title = {Dynamic Bayesian networks: representation, inference and learning},
  school = {University of California, Berkeley},
  year = {2002},
  url = {https://citeseerx.ist.psu.edu/document?repid=rep1\&type=pdf\&doi=08605a843c6cc0f7b0d80b419cf9c40fa241cdd5}
}

@article{amazon,
  author = {Aragão, Luiz E. O. C. and Anderson, Laura O. and Fonseca, Marcelo G. and Rosan, Thais M. and Vedovato, Lucas B. and Wagner, Fabien H. and Saatchi, Sassan},
  title = {21st Century drought-related fires counteract the decline of Amazon deforestation carbon emissions},
  journal = {Nature Communications},
  volume = {9},
  number = {1},
  pages = {536},
  year = {2018},
  doi = {10.1038/s41467-017-02771-y},
  url = {https://doi.org/10.1038/s41467-017-02771-y}
}

@article{elnino,
  author = {Jiménez-Muñoz, Juan Carlos and Mattar, Carolina and Barichivich, Jonathan and Santamaría-Artigas, Alexis and Takahashi, Ken and Malhi, Yadvinder and Van Der Schrier, Gerard},
  title = {Record-breaking warming and extreme drought in the Amazon rainforest during the course of El Niño 2015–2016},
  journal = {Scientific Reports},
  volume = {6},
  pages = {33130},
  year = {2016},
  doi = {10.1038/srep33130},
  url = {https://doi.org/10.1038/srep33130}
}

@misc{prodes,
  author = {{INPE}},
  title = {Monitoramento do Desmatamento da Floresta Amazônica Brasileira por Satélite (PRODES)},
  howpublished = {\url{http://www.obt.inpe.br/OBT/assuntos/programas/amazonia/prodes}},
  year = {2020},
  note = {Acesso em: 27 mai. 2025}
}