@book{russell2010,
  title     = {Artificial Intelligence: A Modern Approach},
  author    = {Stuart J. Russell and Peter Norvig},
  year      = {2010},
  edition   = {3},
  publisher = {Prentice Hall},
  isbn      = {9780136042594},
  url       = {https://www.pearson.com/en-us/subject-catalog/p/artificial-intelligence-a-modern-approach/P200000007927/9780136042594}
}

@inproceedings{vaswani2017attention,
  title     = {Attention Is All You Need},
  author    = {Ashish Vaswani and Noam Shazeer and Niki Parmar and Jakob Uszkoreit and Llion Jones and Aidan N. Gomez and Łukasz Kaiser and Illia Polosukhin},
  booktitle = {Advances in Neural Information Processing Systems},
  volume    = {30},
  pages     = {5998--6008},
  year      = {2017},
  url       = {https://arxiv.org/abs/1706.03762}
}

@book{minsky1986,
  title     = {The Society of Mind},
  author    = {Marvin Minsky},
  year      = {1986},
  publisher = {Simon \& Schuster},
  isbn      = {9780671657130},
  url       = {https://archive.org/details/societyofmind00mins}
}

@inproceedings{wei2022chain,
  title     = {Chain-of-Thought Prompting Elicits Reasoning in Large Language Models},
  author    = {Jason Wei and Xuezhi Wang and Dale Schuurmans and Maarten Bosma and Brian Ichter and Fei Xia and Ed H. Chi and Quoc V. Le and Denny Zhou},
  booktitle = {Advances in Neural Information Processing Systems},
  volume    = {35},
  pages     = {24824--24837},
  year      = {2022},
  url       = {https://arxiv.org/abs/2201.11903}
}

@inproceedings{lewis2020retrieval,
  title     = {Retrieval-Augmented Generation for Knowledge-Intensive NLP Tasks},
  author    = {Patrick Lewis and Ethan Perez and Aleksandra Piktus and Fabio Petroni and Vladimir Karpukhin and Naman Goyal and Heinrich Küttler and Mike Lewis and Wen-tau Yih and Tim Rocktäschel and Sebastian Riedel and Douwe Kiela},
  booktitle = {Advances in Neural Information Processing Systems},
  volume    = {33},
  pages     = {9459--9474},
  year      = {2020},
  url       = {https://arxiv.org/abs/2005.11401}
}

@article{yao2022react,
  title     = {ReAct: Synergizing Reasoning and Acting in Language Models},
  author    = {Shinn Yao and Jiani Zhao and Dian Yu and Nan Du and Ian Shafran and Karthik Narasimhan and Yuan Cao},
  journal   = {arXiv preprint arXiv:2210.03629},
  year      = {2022},
  url       = {https://arxiv.org/abs/2210.03629}
}

@article{garcez2020neurosymbolic,
  title     = {Neurosymbolic AI: The 3rd Wave},
  author    = {Artur d'Avila Garcez and Luis C. Lamb},
  journal   = {arXiv preprint arXiv:2012.05876},
  year      = {2020},
  url       = {https://arxiv.org/abs/2012.05876}
}
